@article{einstein1935can,
  title={Can quantum-mechanical description of physical reality be considered complete?},
  author={Einstein, A. and Podolsky, B. and Rosen, N.},
  journal={Physical review},
  volume={47},
  number={10},
  pages={777},
  year={1935},
  publisher={APS}
}

@book{einstein1956investigations,
  title={Investigations on the Theory of the Brownian Movement},
  author={Einstein, A.},
  year={1956},
  publisher={Dover publications}
}

@book{einstein1950bed,
  title={The bed-load function for sediment transportation in open channel flows},
  author={Einstein, H.A.},
  number={1026},
  year={1950},
  publisher={US Department of Agriculture}
}

@book{einstein1971born,
  title={The Born-Einstein Letters: Correspondence Between Albert Einstein and Max and Hedwig Born from 1916 to 1955},
  author={Einstein, A.},
  year={1971},
  publisher={Walker}
}